@article{chaslot2008progressive,
  title={Progressive strategies for {Monte-Carlo} tree search},
  author={Chaslot, G.~M.~J-B. and Winands, M.~H.~M. and van~den~Herik, H.~J. and Uiterwijk, J.~W.~H.~M. and Bouzy, B.},
  journal={New Mathematics and Natural Computation},
  volume={4},
  number={3},
  pages={343--357},
  year={2008},
  publisher={World Scientific Publishing}
}

@inproceedings{nguyen2011applying,
  title={Applying {Monte-Carlo} Tree Search to collaboratively controlling of a {Ghost Team in Ms Pac-Man}},
  author={Nguyen, K.~Q. and Thawonmas, R.},
  booktitle={IEEE International Games Innovation Conf. (IGIC)},
  pages={8--11},
  year={2011},
  organization={IEEE}
}

@inproceedings{Kocsis06ducb,
  title = {Discounted {UCB}},
  author = {L. Kocsis and C. Szepesv\'{a}ri}, 
  booktitle = {Lectures of {PASCAL} Second Challenges Workshop},
  year = {2006}, 
  note = {\url{https://www.lri.fr/~sebag/Slides/Venice/Kocsis.pdf}}
}

@incollection{kocsis2006bandit,
  author = {L. Kocsis and C. Szepesv\'ari},
  title = {{Bandit Based {Monte-Carlo} Planning}},
  booktitle = {{Machine Learning: ECML 2006}},
  series = {Lecture Notes in Artificial Intelligence},
  volume = {4212},
  editor= {J. F\"urnkranz and T. Scheffer and M. Spiliopoulou},
  year = {2006},
  pages = {282--293}
}

@article{nguyenmonte,
  title={{Monte-Carlo} Tree Search for Collaboration Control of Ghosts in {Ms. Pac-Man}},
  author={Nguyen, K.~Q. and Thawonmas, R.},
  journal={Trans. on Comput. Intell. AI in Games},
  year={2013},
  volume={5},
  number={1},
  publisher={IEEE},
  pages={57--68}
}

@incollection{Hashimoto12Accelerated,
  title = {Accelerated {UCT} and Its Application to Two-Player Games},
  author = {Junichi Hashimoto and Akihiro Kishimoto and Kazuki Yoshizoe and Kokolo Ikeda}, 
  booktitle = {Advances in Computer Games},
  editor={van den Herik, H. Jaap and Plaat, Aske},
  series = {LNCS},
  volume = {7168}, 
  pages = {1--12},
  publisher = {Springer}
}

@inproceedings{balla2009uct,
  title={{UCT} for tactical assault planning in real-time strategy games},
  author={Balla, R.~K. and Fern, A.},
  editor={Boutilier, C.},
  booktitle={Proc. of the 21st Int. Joint Conf. on Artif. Intel.(IJCAI)},
  pages={40--45},
  year={2009}
}

@inproceedings{powleytsp,
	title={{Monte Carlo} Tree Search with macro-actions and heuristic route planning for the Physical Travelling Salesman Problem},
	author={Powley, E.~J. and Whitehouse, D. and Cowling, P.~I.},
	booktitle={Comput. Intelligence and Games {(CIG)}},
	year={2012},
	pages={234--241},
	publisher={IEEE}
}

@inproceedings{coulom2007efficient,
 author = "R. Coulom",
 booktitle = "Computers and Games (CG 2006)",
 editor = "H.~J. van den Herik and P. Ciancarini and H.~H.~L.~M. Donkers",
 title = "Efficient Selectivity and Backup Operators in {M}onte-{C}arlo Tree Search",
 series = "Lecture Notes in Computer Science (LNCS)",
 volume = "4630",
 pages = "72--83",
 publisher = "Springer-Verlag",
 address = "Berlin Heidelberg, Germany",
 year = {2007}
}

@article{brownesurvey,
  title={A Survey of {Monte-Carlo} Tree Search Methods},
  author={Browne, C. and Powley, E. and Whitehouse, D. and Lucas, S.~M. and Cowling, P.~I. and Rohlfshagen, P. and Tavener, S. and Perez, D. and Samothrakis, S. and Colton, S.},
  journal={IEEE Trans. on Comput. Intell. AI in Games},
  volume={4},
  number={1},
  pages={1--43},
  year={2012},
  publisher={IEEE}
}

@inproceedings{robles2009simple,
  title={A simple tree search method for playing {Ms. Pac-Man}},
  author={Robles, D. and Lucas, S.~M.},
  editor={Luca Lanzi, P.},
  booktitle={IEEE Comput. Intelligence and Games {(CIG)}},
  pages={249--255},
  year={2009},
  organization={IEEE}
}

@inproceedings{lucas2005evolving,
  title={Evolving a neural network location evaluator to play {Ms. Pac-Man}},
  author={Lucas, S.~M.},
  booktitle={IEEE Comput. Intelligence and Games {(CIG)}},
  pages={203--210},
  year={2005},
  organization={IEEE}
}

@phdthesis{chaslot-thesis, 
	key ="chaslot-thesis", 
	author = "G.~M.~J-B. Chaslot",
    title = "Monte-Carlo Tree Search",
    school = "Maastricht University",
    address = "Maastricht, The Netherlands",
    year={2010}
}

@mastersthesis{zhu13realtime,
 author       = {George Zhu},
 title        = {Real-time Elective Admissions Planning for Health Care Providers},
 school       = {University of Waterloo, School of Computer Science, Waterloo ON, Canada},
 year         = {2013}
}

@inproceedings{alhejali2010evolving,
  title={Evolving diverse {Ms. Pac-Man} playing agents using genetic programming},
  author={Alhejali, A.~M. and Lucas, S.~M.},
  booktitle={Workshop on Comput. Intell. ({UKCI})},
  pages={1--6},
  year={2010},
  organization={IEEE}
}

@inproceedings{alhejali2013genetic,
  title={Using Genetic Programming to Evolve Heuristics for a {Monte Carlo Tree Search} {Ms~Pac-Man} Agent},
  author={Alhejali, A.~M. and Lucas, S.~M.},
  booktitle={Comput. Intell. and Games ({CIG})},
  pages={65--72},
  year={2013},
  organization={IEEE}
}

@inproceedings{tak13decaying,
  title={Decaying Simulation Strategies},
  author={Tak, M.~J.~W. and Winands, M.~H.~M. and Bj\"{o}rnsson, Y.},
  editor={Bjornsson, Y. and Thielscher, M.}, 
  booktitle={Proc. of Workshop on General Intell. in Game-Playing Agents ({GIGA})},
  address= {Beijing, China},
  pages={22-30},
  year={2013}
}

@article{arneson2010monte,
  title={{Monte-Carlo} Tree Search in {Hex}},
  author={Arneson, B. and Hayward, R.~B. and Henderson, P.},
  journal={IEEE Trans. Comput. Intell. AI in Games},
  volume={2},
  number={4},
  pages={251--258},
  year={2010},
  publisher={IEEE}
}

@article{lee2010current,
  title={Current frontiers in computer {Go}},
  author={Rimmel, Arpad and Teytaud, Olivier and Lee, Chang-Shing and Yen, Shi-Jim and Wang, Mei-Hui and Tsai, Shang-Rong},
  journal={IEEE Trans. Comput. Intell. AI in Games},
  volume={2},
  number={4},
  pages={229--238},
  year={2010},
  publisher={IEEE}
}

@inproceedings{tong2010monteghost,
  title={A {Monte-Carlo} approach for ghost avoidance in the {Ms. Pac-Man} game},
  author={Tong, B.~K.~B. and Sung, C.~W.},
  booktitle={Games Innovations Conference (ICE-GIC), 2010 International IEEE Consumer Electronics Society's},
  pages={1--8},
  year={2010},
  organization={IEEE}
}

@inproceedings{tong2011monteendgame,
  title={A {Monte-Carlo} approach for the endgame of {Ms. Pac-Man}},
  author={Tong, B.~K.~B. and Ma, C.~M. and Sung, C.~W.},
  booktitle={IEEE Comput. Intell. and Games (CIG)},
  editor={Cho, Sung-Bae and Lucas, Simon M. and Hingston, Philip},
  pages={9--15},
  year={2011},
  organization={IEEE}
}

@inproceedings{ikehata2011monte,
  title={{Monte-Carlo} Tree Search in {Ms. Pac-Man}},
  author={Ikehata, N. and Ito, T.},
  booktitle={IEEE Comput. Intell. and Games (CIG)},
  editor = {Cho, Sung-Bae and Lucas, Simon M. and Hingston, Philip},
  pages={39--46},
  year={2011},
  organization={IEEE}
}

@inproceedings{thawonmas2010evolution,
  title={Evolution strategy for optimizing parameters in {Ms Pac-Man} controller {ICE Pambush} 3},
  author={Thawonmas, R. and Ashida, T.},
  booktitle={IEEE Comput. Intelligence and Games {(CIG)}},
  editor={Yannakakis, Georgios N. and Togelius, J.},
  pages={235--240},
  year={2010},
  organisation={IEEE}
}

@article{samothrakis2011fast,
  title={Fast Approximate Max-n {Monte-Carlo} Tree Search for {Ms~Pac-Man}},
  author={Samothrakis, S. and Robles, D. and Lucas, S.~M.},
  journal={IEEE Trans. Comput. Intell. AI in Games},
  volume={3},
  number={2},
  pages={142--154},
  year={2011},
  publisher={IEEE}
}

@article{Feldman12Simple,
  author    = {Z. Feldman and C. Domshlak},
  title     = {Simple Regret Optimization in Online Planning for Markov Decision Processes},
  journal   = {CoRR},
  volume    = {abs/1206.3382},
  year      = {2012},
  note      = {http://arxiv.org/abs/1206.3382}
}

@article{auer2002using,
  title={Finite-time analysis of the multiarmed bandit problem},
  author={Auer, P. and Cesa-Bianchi, N. and Fischer, P.},
  journal={Machine Learning},
  volume={47},
  number={2-3},
  pages={235--256},
  year={2002},
  publisher={Springer}
}

@book{sutton1998reinforcement,
  title={Reinforcement learning: An introduction},
  author={Sutton, R.~S. and Barto, A.~G.},
  year={1998},
  publisher={MIT Press}
}

@book{Bertsekas12MDPbook,
  title={Dynamic Programming and Optimal Control, Vol II: Approximate Dynamic Programming},
  author={D.P. Bertsekas},
  year={2012},
  edition={4th},
  publisher={Athena Scientific}
}

@article{drake2009last,
  title={The last-good-reply policy for {Monte-Carlo Go}},
  author={Drake, P.~D.},
  journal={ICGA Journal},
  volume={32},
  number={4},
  pages={221--227},
  year={2009}
}

@incollection{sturtevant2008analysis,
  title={An analysis of {UCT} in multi-player games},
  author={Sturtevant, N.~R},
  booktitle={Computers and Games},
  editor={van den Herik, H.~Jaap and Xu, Xinhe and Ma, Zongmin and Winands, Mark H.~M.},
  series={LNCS},
  volume={5131},
  pages={37--49},
  year={2008},
  publisher={Springer}
}

@article{baier2010power,
  title={The Power of Forgetting: Improving the Last-Good-Reply Policy in {{Monte Carlo} Go}},
  author={Baier, H. and Drake, P.~D.},
  journal={IEEE Trans. Comput. Intell. AI in Games},
  volume={2},
  number={4},
  pages={303--309},
  year={2010},
  publisher={IEEE}
}

@article{ggp,
title={{N}-{G}rams and the Last-Good-Reply Policy applied in General Game Playing},
author={Tak, M.~J.~W. and Winands, M.~H.~M. and Bj\"ornsson, Y.},
journal={IEEE Trans. Comput. Intell. AI in Games},
volume={4},
number={2},
issue={2},
pages={73--83},
year={2012}
}

@article{mspacmanvsghost,
title = {{Ms Pac-Man Versus Ghost Team CEC 2011} Competition},
author={P. Rohlfshagen and S.~M. Lucas},
journal={Proc. of the IEEE Congress on Evolutionary Computation},
pages={70--77},
year={2011},
organisation={IEEE}
}

@article{enhancementspacmancig12,
title = {Enhancements for {Monte-Carlo} Tree Search in {Ms Pac-Man}},
author={T. Pepels and M.~H.~M. Winands},
journal={IEEE Comput. Intelligence and Games {(CIG)}},
pages={265--272},
year={2012},
organisation={IEEE}
}


@article{brandstetterreactive,
  title={Reactive Control of {Ms. Pac Man} using Information Retrieval based on Genetic Programming},
  author={Brandstetter, M.F. and Ahmadi, S.},
  journal={IEEE Comput. Intelligence and Games {(CIG)}},
pages={250--256},
year={2012},
organisation={IEEE}
}

@inproceedings{Garivier11On,
 author = {Garivier, Aur{\'e}lien and Moulines, Eric},
 title = {On Upper-Confidence Bound Policies for Switching Bandit Problems},
 booktitle = {Proceedings of the 22nd Int. Conf. on Algorithmic Learning Theory},
 series = {ALT'11},
 year = {2011},
 pages = {174--188},
 publisher = {Springer-Verlag}
}

@article{yen2011two,
  title={Two-stage Monte Carlo tree search for {Connect6}},
  author={Yen, Shi-Jim and Yang, Jung-Kuei},
  journal={Trans on Comput. Intell. and AI in Games},
  volume={3},
  number={2},
  pages={100--118},
  year={2011},
  publisher={IEEE}
}


[download]

@MISC{mspacmanscreencap,
title = {{Ms Pac-Man Competition}, screen-capture},
note = {Accessed May, 2012},
howpublished = {\url{http://dces.essex.ac.uk/staff/sml/pacman/PacManContest.html}}
}

@MISC{cig11ranking,
title={{Ms Pac-Man vs Ghost competition CIG11 ranknings}},
note = {Accessed, May 2012},
howpublished = {\url{http://cig11.pacman-vs-ghosts.net/rankings.php}}
}

@MISC{iceguct,
title={{ICE gUCT (nqkien)} Simulation based ghost team controller report},
note = {Accessed, july 2012},
howpublished = {\url{http://cec11.pacman-vs-ghosts.net/viewReport.php?id=10}}
}
@MISC{iceguctcig11,
title={{ICEgUCT\_CIG11} Simulation based ghost team controller report},
note = {Accessed, july 2012},
howpublished = {\url{http://cig11.pacman-vs-ghosts.net/report.php?id=44}}
}
@MISC{icepambushcig11,
title={{ICEpAmbush\_CIG11} Simulation based {Ms Pac-Man} controller report},
note = {Accessed, july 2012},
howpublished = {\url{http://cig11.pacman-vs-ghosts.net/report.php?id=50}}
}

@MISC{icepspooks,
title={{ICEP-feat-Spooks} (controller report)},
note = {Accessed, august 2013},
howpublished= {\url{http://s3.amazonaws.com/wcci12/reports/8/ICEP-feat-Spooks-report-8.zip}}
}

@MISC{cec11rankings,
title={{CEC11 Ms Pac-Man vs Ghosts Competition} rankings},
note = {Accessed, july 2012},
howpublished = {\url{http://cec11.pacman-vs-ghosts.net/rankings.php}}
}


