@article{chaslot2008progressive,
  title={Progressive strategies for {Monte-Carlo} tree search},
  author={Chaslot, G.~M.~J-B. and Winands, M.~H.~M. and van~den~Herik, H.~J. and Uiterwijk, J.~W.~H.~M. and Bouzy, B.},
  journal={New Mathematics and Natural Computation},
  volume={4},
  number={3},
  pages={343--357},
  year={2008},
  publisher={World Scientific Publishing}
}

@incollection{kocsis2006bandit,
  author = {L. Kocsis and C. Szepesv\'ari},
  title = {{Bandit Based {Monte-Carlo} Planning}},
  booktitle = {{Machine Learning: ECML 2006}},
  series = {Lecture Notes in Artificial Intelligence},
  volume = {4212},
  editor= {J. F\"urnkranz and T. Scheffer and M. Spiliopoulou},
  year = {2006},
  pages = {282--293}
}

@inproceedings{coulom2007efficient,
 author = "R. Coulom",
 booktitle = "Computers and Games (CG 2006)",
 editor = "H.~J. van den Herik and P. Ciancarini and H.~H.~L.~M. Donkers",
 title = "Efficient Selectivity and Backup Operators in {M}onte-{C}arlo Tree Search",
 series = "Lecture Notes in Computer Science (LNCS)",
 volume = "4630",
 pages = "72--83",
 publisher = "Springer-Verlag",
 address = "Berlin Heidelberg, Germany",
 year = {2007}
}

@article{browne2012survey,
  title={A Survey of {Monte-Carlo} Tree Search Methods},
  author={Browne, C. and Powley, E. and Whitehouse, D. and Lucas, S.~M. and Cowling, P.~I. and Rohlfshagen, P. and Tavener, S. and Perez, D. and Samothrakis, S. and Colton, S.},
  journal={IEEE Trans. on Comput. Intell. AI in Games},
  volume={4},
  number={1},
  pages={1--43},
  year={2012},
  publisher={IEEE}
}

@phdthesis{chaslot2010thesis, 
	key ="chaslot-thesis", 
	author = "G.~M.~J-B. Chaslot",
    title = "Monte-Carlo Tree Search",
    school = "Maastricht University",
    address = "Maastricht, The Netherlands",
    year={2010}
}

@inproceedings{shibahara2008combining,
  title={Combining final score with winning percentage by sigmoid function in Monte-Carlo simulations},
  author={Shibahara, Kazutomo and Kotani, Yoshiyuki},
  booktitle={Computational Intelligence and Games, 2008. CIG'08. IEEE Symposium On},
  pages={183--190},
  year={2008},
  organization={IEEE}
}

@inproceedings{Winands2010a,
  address = {Pamplona, Spain},
  author = {Winands, Mark H. M. and Bj\"{o}rnsson, Yngvi},
  booktitle = {Proc. Adv. Comput. Games, LNCS 6048},
  file = {::},
  pages = {33--44},
  title = {{Evaluation Function Based Monte-Carlo LOA}},
  url = {http://www.springerlink.com/index/W2884564RP7430W4.pdf},
  year = {2010}
}

@inproceedings{finnsson2010learning,
  title={Learning Simulation Control in General Game-Playing Agents.},
  author={Finnsson, Hilmar and Bj{\"o}rnsson, Yngvi},
  booktitle={AAAI},
  volume={10},
  pages={954--959},
  year={2010}
}

@article{arneson2010monte,
  title={{Monte-Carlo} Tree Search in {Hex}},
  author={Arneson, B. and Hayward, R.~B. and Henderson, P.},
  journal={IEEE Trans. Comput. Intell. AI in Games},
  volume={2},
  number={4},
  pages={251--258},
  year={2010},
  publisher={IEEE}
}

@article{lee2010current,
  title={Current frontiers in computer {Go}},
  author={Rimmel, Arpad and Teytaud, Olivier and Lee, Chang-Shing and Yen, Shi-Jim and Wang, Mei-Hui and Tsai, Shang-Rong},
  journal={IEEE Trans. Comput. Intell. AI in Games},
  volume={2},
  number={4},
  pages={229--238},
  year={2010},
  publisher={IEEE}
}

@article{auer2002using,
  title={Finite-time analysis of the multiarmed bandit problem},
  author={Auer, P. and Cesa-Bianchi, N. and Fischer, P.},
  journal={Machine Learning},
  volume={47},
  number={2-3},
  pages={235--256},
  year={2002},
  publisher={Springer}
}